
@Article{Maidstone2016,
author="Maidstone, Robert
and TD Hocking
and Rigaill, Guillem
and Fearnhead, Paul",
title="On optimal multiple changepoint algorithms for large data",
journal="Statistics and Computing",
year="2016",
pages="1--15",
issn="1573-1375"
}

@unpublished{Hocking2012,
  author = 	 {T. D. Hocking and G. J. Rigaill},
  title = 	 {{SegAnnot: an R package for fast segmentation of
                  annotated piecewise constant signals}},
  year = 	 {2012},
note = {HAL technical report 00759129}}
